@article{nguyen2018optimal,
  title={Optimal power control and load balancing for uplink cell-free multi-user massive MIMO},
  author={Nguyen, Tien Hoa and Nguyen, The Khai and Han, Huy Dung and others},
  journal={IEEE access},
  volume={6},
  pages={14462--14473},
  year={2018},
  publisher={IEEE}
}

@article{yoon2018resource,
  title={Resource allocation for NOMA-based D2D systems coexisting with cellular networks},
  author={Yoon, Taehyun and Nguyen, Tien Hoa and Nguyen, Xuan Tung and Yoo, Daeseung and Jang, Byungtae and others},
  journal={IEEE Access},
  volume={6},
  pages={66293--66304},
  year={2018},
  publisher={IEEE}
}
@article{choi2019time,
  title={A time-domain estimation method of rapidly time-varying channels for OFDM-based LTE-R systems},
  author={Choi, Jin-Kyu and Nguyen, Hai Nam and Nguyen, Tien Hoa and Cho, Hanbyeog and Choi, Hyun-Kyun and Park, Seong-Gyoon and others},
  journal={Digital Communications and Networks},
  volume={5},
  number={2},
  pages={94--101},
  year={2019},
  publisher={Elsevier}
}

@article{park2019power,
  title={Power control for sum spectral efficiency optimization in MIMO-NOMA systems with linear beamforming},
  author={Park, Seonggyoon and Truong, Anh Quan and Nguyen, Tien Hoa},
  journal={IEEE Access},
  volume={7},
  pages={10593--10605},
  year={2019},
  publisher={IEEE}
}

@misc{bworld,
  author={eVisit},
  title={The Ultimate Telemedicine Guide},
  howpublished="\url{https://evisit.com/resources/what-is-telemedicine/}",
  year={2018}, 
  note="[Online; accessed 30-May-2020]"
}

@article{jakobsson2020physical,
  title={Physical Activity During the Coronavirus (COVID-19) Pandemic: Prevention of a Decline in Metabolic and Immunological Functions},
  author={Jakobsson, Johan and Malm, Christer and Furberg, Maria and Ekelund, Ulf and Svensson, Michael},
  journal={Frontiers in Sports and Active Living},
  volume={2},
  pages={57},
  year={2020},
  publisher={Frontiers}
}

@article{byrne2014effect,
  title={Effect of using a suspension training system on muscle activation during the performance of a front plank exercise},
  author={Byrne, Jeannette M and Bishop, Nicole S and Caines, Andrew M and Crane, Kalynn A and Feaver, Ashley M and Pearcey, Gregory EP},
  journal={The Journal of Strength \& Conditioning Research},
  volume={28},
  number={11},
  pages={3049--3055},
  year={2014},
  publisher={LWW}
}

@article{gong2015separations,
  title={Separations of binary mixtures of CO2/CH4 and CO2/N2 with mixed-matrix membranes containing Zn (pyrz) 2 (SiF6) metal-organic framework},
  author={Gong, Heqing and Nguyen, Tien Hoa and Wang, Rong and Bae, Tae-Hyun},
  journal={Journal of membrane science},
  volume={495},
  pages={169--175},
  year={2015},
  publisher={Elsevier}
}



@article{instruments1999lm358,
  title={LM358 Datasheet},
  author={Instruments, Texas and Sensors, LM35 Precision Centigrade Temperature},
  journal={Texas Instruments Incorporated},
  year={1999}
}


@article{instruments1999lm35,
  title={LM35 Precision Centigrade Temperature Sensors},
  author={Instruments, Texas},
  journal={LM35 datasheet, Aug},
  year={1999}
}

@misc{doan2,
  author={Thegioiic},
  title={Tổng Hợp Về Vi Điều Khiển AVR},
  howpublished="\url{https://www.thegioiic.com/forums/tong-hop-ve-vi-dieu-khien-avr#:~:text=V%E1%BB%81%20AVR%3A,%C4%91%E1%BB%83%20l%C6%B0u%20tr%E1%BB%AF%20ch%C6%B0%C6%A1ng%20tr%C3%ACnh.}",
  year={2012}, 
  note="[Online; accessed 30-May-2020]"
}


@misc{doan21,
  author={SCRIDB},
  title={Tổng Quan Về AVR-ATMEGA16},
  howpublished="\url{https://www.scribd.com/}",
  year={2013}, 
  note="[Online; accessed 1-Jun-2020]"
}

@misc{doan22,
  author={Test Template},
  title={Tổng Quan Về LCD},
  howpublished="\url{http://thutemplate2115.blogspot.com/2015/08/d.html}",
  year={2015}, 
  note="[Online; accessed 1-Jun-2020]"
}

@article{phạm2013,
  title={Kỹ thuật vi xử lý},
  author={Phạm, Ho{\`a}ng Duy and Ho{\`a}ng, Xu{\^a}n Dậu},
  year={2013},
  publisher={Học viện c{\^o}ng nghệ Bưu ch{\'\i}nh Viễn th{\^o}ng}
}

@misc{tcs,
  author={Making},
  title={Lập trình Cảm biến màu TCS3200 với Arduino},
  howpublished="\url{https://making.vn/d/48-lap-trinh-cam-bien-mau-tcs3200-voi-arduino}",
  year={2017}, 
  note="[Online; accessed 1-Jun-2020]"
}

@misc{w3,
  author={W3Schools},
  title={The language for building web pages},
  howpublished="\url{https://www.w3schools.com/?fbclid=IwAR3AMnIu6KZMTqrRXp_ZRxJlfya83Jknsao85KOewa2dYZ03jMy-fX0UEPY}",
  year={}, 
  note="[Online; accessed 1-Jun-2020]"
}

@misc{api,
  author={#BlackLivesMatter},
  title={jQuery API},
  howpublished="\url{https://api.jquery.com/?fbclid=IwAR3OzHxQuq4-0h3PHhB0YQmom6RQzpaJ1UeTRlOHkJyrMbSvS7FODBYMkQU}",
  year={2020}, 
  note="[Online; accessed 2-Jun-2020]"
}

@misc{fpt,
  author={CaoDangFPT},
  title={Lập trình cơ bản PHP& MySQL},
  howpublished="\url{https://caodang.fpt.edu.vn/tai-nguyen/lap-trinh-co-ban-php-mysql.html}",
  year={2013}, 
  note="[Online; accessed 3-Jun-2020]"
}